@inproceedings{fisher2005euses,
  title={The EUSES spreadsheet corpus: a shared resource for supporting experimentation with spreadsheet dependability mechanisms},
  author={Fisher, Marc and Rothermel, Gregg},
  booktitle={ACM SIGSOFT Software Engineering Notes},
  volume={30},
  number={4},
  pages={1--5},
  year={2005},
  organization={ACM}
}

@article{panko2016we,
  title={What We Don't Know About Spreadsheet Errors Today: The Facts, Why We Don't Believe Them, and What We Need to Do},
  author={Panko, Ray},
  journal={arXiv preprint arXiv:1602.02601},
  year={2016}
}

@inproceedings{scaffidi2005estimating,
  title={Estimating the numbers of end users and end user programmers},
  author={Scaffidi, Christopher and Shaw, Mary and Myers, Brad},
  booktitle={Visual Languages and Human-Centric Computing, 2005 IEEE Symposium on},
  pages={207--214},
  year={2005},
  organization={IEEE}
}

@inproceedings{burnett2002visually,
  title={Visually customizing inference rules about apples and oranges},
  author={Burnett, Margaret and Erwig, Martin},
  booktitle={Human Centric Computing Languages and Environments, 2002. Proceedings. IEEE 2002 Symposia on},
  pages={140--148},
  year={2002},
  organization={IEEE}
}

@incollection{erwig2002adding,
  title={Adding apples and oranges},
  author={Erwig, Martin and Burnett, Margaret},
  booktitle={Practical Aspects of Declarative Languages},
  pages={173--191},
  year={2002},
  publisher={Springer}
}

@inproceedings{ahmad2003type,
  title={A type system for statically detecting spreadsheet errors},
  author={Ahmad, Yanif and Antoniu, Tudor and Goldwater, Sharon and Krishnamurthi, Shriram},
  booktitle={Automated Software Engineering, 2003. Proceedings. 18th IEEE International Conference on},
  pages={174--183},
  year={2003},
  organization={IEEE}
}

@inproceedings{abraham2004header,
  title={Header and unit inference for spreadsheets through spatial analyses},
  author={Abraham, Robin and Erwig, Martin},
  booktitle={Visual Languages and Human Centric Computing, 2004 IEEE Symposium on},
  pages={165--172},
  year={2004},
  organization={IEEE}
}

@inproceedings{antoniu2004validating,
  title={Validating the unit correctness of spreadsheet programs},
  author={Antoniu, Tudor and Steckler, Paul A and Krishnamurthi, Shriram and Neuwirth, Erich and Felleisen, Matthias},
  booktitle={Software Engineering, 2004. ICSE 2004. Proceedings. 26th International Conference on},
  pages={439--448},
  year={2004},
  organization={IEEE}
}

@inproceedings{abraham2005communicate,
  title={How to communicate unit error messages in spreadsheets},
  author={Abraham, Robin and Erwig, Martin},
  booktitle={ACM SIGSOFT Software Engineering Notes},
  volume={30},
  number={4},
  pages={1--5},
  year={2005},
  organization={ACM}
}

@inproceedings{coblenz2005using,
  title={Using objects of measurement to detect spreadsheet errors},
  author={Coblenz, Michael J and Ko, Andrew J and Myers, Brad A},
  booktitle={Visual Languages and Human-Centric Computing, 2005 IEEE Symposium on},
  pages={314--316},
  year={2005},
  organization={IEEE}
}

@inproceedings{abraham2006type,
  title={Type inference for spreadsheets},
  author={Abraham, Robin and Erwig, Martin},
  booktitle={Proceedings of the 8th ACM SIGPLAN international conference on Principles and practice of declarative programming},
  pages={73--84},
  year={2006},
  organization={ACM}
}

@article{abraham2007ucheck,
  title={UCheck: A spreadsheet type checker for end users},
  author={Abraham, Robin and Erwig, Martin},
  journal={Journal of Visual Languages \& Computing},
  volume={18},
  number={1},
  pages={71--95},
  year={2007},
  publisher={Elsevier}
}

@inproceedings{lawrance2006sharing,
  title={Sharing reasoning about faults in spreadsheets: An empirical study},
  author={Lawrance, Joseph and Abraham, Robin and Burnett, Margaret and Erwig, Martin},
  booktitle={Visual Languages and Human-Centric Computing, 2006. VL/HCC 2006. IEEE Symposium on},
  pages={35--42},
  year={2006},
  organization={IEEE}
}

@inproceedings{abraham2007type,
  title={A type system based on end-user vocabulary},
  author={Abraham, Robin and Erwig, Martin and Andrew, Scott},
  booktitle={Visual Languages and Human-Centric Computing, 2007. VL/HCC 2007. IEEE Symposium on},
  pages={215--222},
  year={2007},
  organization={IEEE}
}

@inproceedings{abreu2012constraint,
  title={Constraint-based Debugging of Spreadsheets.},
  author={Abreu, Rui and Riboira, Andr{\'e} and Wotawa, Franz},
  booktitle={CIbSE},
  pages={1--14},
  year={2012}
}

@inproceedings{chambers2008dimension,
  title={Dimension inference in spreadsheets},
  author={Chambers, Chris and Erwig, Martin},
  booktitle={Visual Languages and Human-Centric Computing, 2008. VL/HCC 2008. IEEE Symposium on},
  pages={123--130},
  year={2008},
  organization={IEEE}
}

@article{chambers2009automatic,
  title={Automatic detection of dimension errors in spreadsheets},
  author={Chambers, Chris and Erwig, Martin},
  journal={Journal of Visual Languages \& Computing},
  volume={20},
  number={4},
  pages={269--283},
  year={2009},
  publisher={Elsevier}
}

@article{chambers2009combining,
  title={Combining spatial and semantic label analysis},
  author={Chambers, Chris and Erwig, Martin},
  year={2009},
  publisher={IEEE}
}

@article{abraham2009mutation,
  title={Mutation operators for spreadsheets},
  author={Abraham, Robin and Erwig, Martin},
  journal={Software Engineering, IEEE Transactions on},
  volume={35},
  number={1},
  pages={94--108},
  year={2009},
  publisher={IEEE}
}

@article{chambers2010reasoning,
  title={Reasoning about spreadsheets with labels and dimensions},
  author={Chambers, Chris and Erwig, Martin},
  journal={Journal of Visual Languages \& Computing},
  volume={21},
  number={5},
  pages={249--262},
  year={2010},
  publisher={Elsevier}
}

@inproceedings{hofer2014does,
  title={Why does my spreadsheet compute wrong values?},
  author={Hofer, Birgit and Wotawa, Franz},
  booktitle={Software Reliability Engineering (ISSRE), 2014 IEEE 25th International Symposium on},
  pages={112--121},
  year={2014},
  organization={IEEE}
}

@inproceedings{dou2014spreadsheet,
  title={Is spreadsheet ambiguity harmful? detecting and repairing spreadsheet smells due to ambiguous computation},
  author={Dou, Wensheng and Cheung, Shing-Chi and Wei, Jun},
  booktitle={Proceedings of the 36th International Conference on Software Engineering},
  pages={848--858},
  year={2014},
  organization={ACM}
}

@inproceedings{hermans2014bumblebee,
  title={BumbleBee: A refactoring environment for spreadsheet formulas},
  author={Hermans, Felienne and Dig, Danny},
  booktitle={Proceedings of the 22nd ACM SIGSOFT International Symposium on Foundations of Software Engineering},
  pages={747--750},
  year={2014},
  organization={ACM}
}

@article{hermans2015detecting,
  title={Detecting and refactoring code smells in spreadsheet formulas},
  author={Hermans, Felienne and Pinzger, Martin and van Deursen, Arie},
  journal={Empirical Software Engineering},
  volume={20},
  number={2},
  pages={549--575},
  year={2015},
  publisher={Springer}
}

@inproceedings{adam2015towards,
  title={Towards tool support for spreadsheet-based domain-specific languages},
  author={Adam, Sorin and Schultz, Ulrik Pagh},
  booktitle={Proceedings of the 2015 ACM SIGPLAN International Conference on Generative Programming: Concepts and Experiences},
  pages={95--98},
  year={2015},
  organization={ACM}
}

@article{abreu2015using,
  title={Using constraints to diagnose faulty spreadsheets},
  author={Abreu, Rui and Hofer, Birgit and Perez, Alexandre and Wotawa, Franz},
  journal={Software Quality Journal},
  volume={23},
  number={2},
  pages={297--322},
  year={2015},
  publisher={Springer}
}

@article{cunha2015embedding,
  title={Embedding, evolution, and validation of model-driven spreadsheets},
  author={Cunha, J{\'a}come and Fernandes, Joao Paulo and Mendes, Jorge and Saraiva, Joao},
  journal={Software Engineering, IEEE Transactions on},
  volume={41},
  number={3},
  pages={241--263},
  year={2015},
  publisher={IEEE}
}
